<record><leader>00000cas a22000007a 4500</leader><controlfield tag="001">12968916</controlfield><controlfield tag="008">860103d19331965wiuwr ne      0    0eng d</controlfield><datafield ind1=" " ind2=" " tag="010"><subfield code="a">sn 86086007 </subfield></datafield><datafield ind1=" " ind2=" " tag="040"><subfield code="a">NPV</subfield><subfield code="b">eng</subfield><subfield code="c">NPV</subfield><subfield code="d">OCLCQ</subfield></datafield><datafield ind1=" " ind2=" " tag="042"><subfield code="a">msc</subfield></datafield><datafield ind1="0" ind2=" " tag="130"><subfield code="a">Tri-county news (Eleva, Wis. : Eleva ed.)</subfield></datafield><datafield ind1="1" ind2="4" tag="245"><subfield code="a">The tri-county news.</subfield></datafield><datafield ind1=" " ind2=" " tag="250"><subfield code="a">Eleva ed.</subfield></datafield><datafield ind1=" " ind2=" " tag="260"><subfield code="a">Eleva, Wis. :</subfield><subfield code="b">[s.n.],</subfield><subfield code="c">1933-</subfield></datafield><datafield ind1=" " ind2=" " tag="300"><subfield code="a">v. :</subfield><subfield code="b">ill.</subfield></datafield><datafield ind1=" " ind2=" " tag="310"><subfield code="a">Weekly</subfield></datafield><datafield ind1="0" ind2=" " tag="362"><subfield code="a">Vol. 1, no. 1 (Sept. 7, 1933)-</subfield></datafield><datafield ind1="1" ind2=" " tag="362"><subfield code="a">Ceased in 1965?</subfield></datafield><datafield ind1=" " ind2=" " tag="500"><subfield code="a">Published at Eleva, Wis., &lt;Sept. 7, 1933&gt;; at Osseo, Wis., &lt;Dec. 14, 1933&gt;-&lt;Jan. 7, 1937&gt;.</subfield></datafield><datafield ind1=" " ind2=" " tag="500"><subfield code="a">Publisher varies.</subfield></datafield><datafield ind1=" " ind2=" " tag="500"><subfield code="a">"Serving Trempealeau, Eau Claire and Jackson Counties."</subfield></datafield><datafield ind1=" " ind2=" " tag="515"><subfield code="a">Numbering varies.</subfield></datafield><datafield ind1=" " ind2=" " tag="580"><subfield code="a">Merged with the Osseo and Strum editions of the Tri-county news to form the Tri-county news (Osseo, Wis. : 1965).</subfield></datafield><datafield ind1=" " ind2=" " tag="752"><subfield code="a">United States</subfield><subfield code="b">Wisconsin</subfield><subfield code="c">Trempealeau</subfield><subfield code="d">Eleva.</subfield></datafield><datafield ind1=" " ind2=" " tag="752"><subfield code="a">United States</subfield><subfield code="b">Wisconsin</subfield><subfield code="c">Trempealeau</subfield><subfield code="d">Osseo.</subfield></datafield><datafield ind1="0" ind2=" " tag="775"><subfield code="t">Tri-county news (Strum, Wis. : Strum ed.)</subfield><subfield code="w">(DLC)sn 86086006</subfield></datafield><datafield ind1="0" ind2=" " tag="775"><subfield code="t">Tri-county news (Osseo, Wis. : 1933 : Osseo ed.)</subfield><subfield code="w">(DLC)sn 86086008</subfield></datafield><datafield ind1="0" ind2="7" tag="780"><subfield code="t">Osseo news</subfield><subfield code="w">(DLC)sn 86086005</subfield></datafield><datafield ind1="1" ind2="7" tag="785"><subfield code="t">Tri-county news (Strum, Wis. : Strum ed.)</subfield><subfield code="w">(DLC)sn 86086006</subfield></datafield><datafield ind1="1" ind2="7" tag="785"><subfield code="t">Tri-county news (Osseo, Wis. : 1933 : Osseo ed.)</subfield><subfield code="w">(DLC)sn 86086008</subfield></datafield><datafield ind1="1" ind2="7" tag="785"><subfield code="t">Tri-county news (Osseo, Wis. : 1965)</subfield><subfield code="w">(DLC)sn 84007019</subfield></datafield></record>